
    <record>
        <leader>03003naa a2200409 c 4500</leader>
        <controlfield tag="001">997061921603340</controlfield>
        <controlfield tag="005">20220929100903.0</controlfield>
        <controlfield tag="007">cr#|||||||||||</controlfield>
        <controlfield tag="008">220928s2022    ||||||||o|||||||||||eng|c</controlfield>
        <controlfield tag="009">AC16650672</controlfield>
        <datafield tag="024" ind1="7" ind2=" ">
            <subfield code="a">10.35011/IDIMT-2022-269</subfield>
            <subfield code="2">doi</subfield>
        </datafield>
        <datafield tag="024" ind1="7" ind2=" ">
            <subfield code="a">urn:nbn:at:at-ubl:3-14971</subfield>
            <subfield code="2">urn</subfield>
        </datafield>
        <datafield tag="035" ind1=" " ind2=" ">
            <subfield code="a">(AT-OBV)AC16650672</subfield>
        </datafield>
        <datafield tag="035" ind1=" " ind2=" ">
            <subfield code="a">(VLID)8073469</subfield>
        </datafield>
        <datafield tag="035" ind1=" " ind2=" ">
            <subfield code="a">(DE-599)OBVAC16650672</subfield>
        </datafield>
        <datafield tag="035" ind1=" " ind2=" ">
            <subfield code="a">(EXLNZ-43ACC_NETWORK)99146960744203331</subfield>
        </datafield>
        <datafield tag="040" ind1=" " ind2=" ">
            <subfield code="a">AT-UBL</subfield>
            <subfield code="b">ger</subfield>
            <subfield code="d">AT-UBL</subfield>
            <subfield code="e">rda</subfield>
        </datafield>
        <datafield tag="041" ind1=" " ind2=" ">
            <subfield code="a">eng</subfield>
        </datafield>
        <datafield tag="044" ind1=" " ind2=" ">
            <subfield code="c">XA-AT</subfield>
        </datafield>
        <datafield tag="100" ind1="1" ind2=" ">
            <subfield code="a">Sedláček, Jiří</subfield>
            <subfield code="4">aut</subfield>
        </datafield>
        <datafield tag="245" ind1="1" ind2="0">
            <subfield code="a">Empirical evaluation of passwords</subfield>
            <subfield code="b">influence of the modified zxcvbn</subfield>
            <subfield code="c">Jiří Sedláček</subfield>
        </datafield>
        <datafield tag="251" ind1=" " ind2=" ">
            <subfield code="a">vor</subfield>
            <subfield code="2">coar</subfield>
        </datafield>
        <datafield tag="264" ind1=" " ind2="1">
            <subfield code="a">Linz</subfield>
            <subfield code="b">Trauner Verlag</subfield>
            <subfield code="c">2022</subfield>
        </datafield>
        <datafield tag="300" ind1=" " ind2=" ">
            <subfield code="a">1 Online-Ressource (8 Seiten)</subfield>
        </datafield>
        <datafield tag="336" ind1=" " ind2=" ">
            <subfield code="b">txt</subfield>
        </datafield>
        <datafield tag="337" ind1=" " ind2=" ">
            <subfield code="b">c</subfield>
        </datafield>
        <datafield tag="338" ind1=" " ind2=" ">
            <subfield code="b">cr</subfield>
        </datafield>
        <datafield tag="347" ind1=" " ind2=" ">
            <subfield code="a">Textdatei</subfield>
            <subfield code="b">PDF</subfield>
        </datafield>
        <datafield tag="506" ind1="0" ind2=" ">
            <subfield code="f">Unrestricted online access</subfield>
            <subfield code="2">star</subfield>
        </datafield>
        <datafield tag="540" ind1=" " ind2=" ">
            <subfield code="f">CC BY-NC-ND 4.0</subfield>
            <subfield code="u">https://creativecommons.org/licenses/by-nc-nd/4.0/deed.de</subfield>
            <subfield code="2">cc</subfield>
        </datafield>
        <datafield tag="500" ind1=" " ind2=" ">
            <subfield code="a">Refereed/Peer-reviewed</subfield>
        </datafield>
        <datafield tag="520" ind1=" " ind2=" ">
            <subfield code="a">eng:Passwords are still a widely used method of user authentication. Password strength estimation (PSE) programs can be useful (for the end users and administrators) only if they provide “a reasonably good” estimation of password strength. The passwords themselves as well as the tools for their evaluation were tested mainly for English, or other commonly used languages. First, the aim and process of modification of the well-known zxcvbn program suitable for production deployment in the Czech, Slovak or mixed language environment such as at the Prague University of Economics and Business (VŠE) is described. Later, the results of password testing without or with zxcvbn are presented. The main findings are: (1) We used a large dataset of more than 3 million previously leaked passwords of about 4.5 million Czech users. The passwords were divided into categories according to the descending frequency. The password strength estimate has improved for all categories. (2) We prepared two equally large randomly selected samples of real hashes of passwords of the users from VŠE – before and after the deployment of the modified zxcvbn. The ratio of broken passwords (using the program John the Ripper) has decreased several times.</subfield>
        </datafield>
        <datafield tag="542" ind1=" " ind2=" ">
            <subfield code="f">© The Author(s) 2022</subfield>
        </datafield>
        <datafield tag="773" ind1="0" ind2="8">
            <subfield code="i">Enthalten in</subfield>
            <subfield code="t">IDIMT-2022 Digitalization of society, business and management in a pandemic; 30th Interdisciplinary Information Management Talk / Chroust, Gerhard ; Doucek, Petr ; Oškrdal, Václav</subfield>
            <subfield code="d">Linz : Trauner Verlag, 2022</subfield>
            <subfield code="w">(AT-OBV)AC16646843</subfield>
            <subfield code="z">9783991137580</subfield>
            <subfield code="g">page 269-276</subfield>
        </datafield>
        <datafield tag="856" ind1="4" ind2="0">
            <subfield code="m">V:AT-OBV;B:AT-UBL</subfield>
            <subfield code="o">OBV-EDOC-VL</subfield>
            <subfield code="q">text/html</subfield>
            <subfield code="u">https://resolver.obvsg.at/urn:nbn:at:at-ubl:3-14971</subfield>
            <subfield code="x">UBL</subfield>
            <subfield code="z">kostenfrei</subfield>
            <subfield code="3">Volltext</subfield>
        </datafield>
        <datafield tag="970" ind1="2" ind2=" ">
            <subfield code="d">OA-BOOKPART</subfield>
        </datafield>
        <datafield tag="970" ind1="9" ind2=" ">
            <subfield code="m">V:AT-OBV;B:AT-UBL</subfield>
            <subfield code="q">application/pdf</subfield>
            <subfield code="u">http://media.obvsg.at/AC16650672-2001</subfield>
            <subfield code="x">UBL</subfield>
            <subfield code="z">kostenfrei</subfield>
            <subfield code="3">Volltext</subfield>
        </datafield>
        <datafield tag="971" ind1="9" ind2=" ">
            <subfield code="a">User authentication / password strength estimation / password guessing / password cracking</subfield>
        </datafield>
    </record>