
    <record>
        <leader>03742naa a2200409 c 4500</leader>
        <controlfield tag="001">997061923403340</controlfield>
        <controlfield tag="005">20220929190139.0</controlfield>
        <controlfield tag="007">cr#|||||||||||</controlfield>
        <controlfield tag="008">220928s2022    ||||||||o|||||||||||eng|c</controlfield>
        <controlfield tag="009">AC16650689</controlfield>
        <datafield tag="024" ind1="7" ind2=" ">
            <subfield code="a">urn:nbn:at:at-ubl:3-15179</subfield>
            <subfield code="2">urn</subfield>
        </datafield>
        <datafield tag="024" ind1="7" ind2=" ">
            <subfield code="a">10.35011/IDIMT-2022-447</subfield>
            <subfield code="2">doi</subfield>
        </datafield>
        <datafield tag="035" ind1=" " ind2=" ">
            <subfield code="a">(AT-OBV)AC16650689</subfield>
        </datafield>
        <datafield tag="035" ind1=" " ind2=" ">
            <subfield code="a">(VLID)8073680</subfield>
        </datafield>
        <datafield tag="035" ind1=" " ind2=" ">
            <subfield code="a">(DE-599)OBVAC16650689</subfield>
        </datafield>
        <datafield tag="035" ind1=" " ind2=" ">
            <subfield code="a">(EXLNZ-43ACC_NETWORK)99146960842503331</subfield>
        </datafield>
        <datafield tag="040" ind1=" " ind2=" ">
            <subfield code="a">AT-UBL</subfield>
            <subfield code="b">ger</subfield>
            <subfield code="d">AT-UBL</subfield>
            <subfield code="e">rda</subfield>
        </datafield>
        <datafield tag="041" ind1=" " ind2=" ">
            <subfield code="a">eng</subfield>
        </datafield>
        <datafield tag="044" ind1=" " ind2=" ">
            <subfield code="c">XA-AT</subfield>
        </datafield>
        <datafield tag="100" ind1="1" ind2=" ">
            <subfield code="a">Altmann, Mattis</subfield>
            <subfield code="4">aut</subfield>
        </datafield>
        <datafield tag="245" ind1="1" ind2="0">
            <subfield code="a">Optimizing formative feedback guidelines in collaborative online international learning</subfield>
            <subfield code="c">Mattis Altmann</subfield>
        </datafield>
        <datafield tag="251" ind1=" " ind2=" ">
            <subfield code="a">vor</subfield>
            <subfield code="2">coar</subfield>
        </datafield>
        <datafield tag="264" ind1=" " ind2="1">
            <subfield code="a">Linz</subfield>
            <subfield code="b">Trauner Verlag</subfield>
            <subfield code="c">2022</subfield>
        </datafield>
        <datafield tag="300" ind1=" " ind2=" ">
            <subfield code="a">1 Online-Ressource (12 Seiten)</subfield>
        </datafield>
        <datafield tag="336" ind1=" " ind2=" ">
            <subfield code="b">txt</subfield>
        </datafield>
        <datafield tag="337" ind1=" " ind2=" ">
            <subfield code="b">c</subfield>
        </datafield>
        <datafield tag="338" ind1=" " ind2=" ">
            <subfield code="b">cr</subfield>
        </datafield>
        <datafield tag="347" ind1=" " ind2=" ">
            <subfield code="a">Textdatei</subfield>
            <subfield code="b">PDF</subfield>
        </datafield>
        <datafield tag="506" ind1="0" ind2=" ">
            <subfield code="f">Unrestricted online access</subfield>
            <subfield code="2">star</subfield>
        </datafield>
        <datafield tag="540" ind1=" " ind2=" ">
            <subfield code="f">CC BY-NC-ND 4.0</subfield>
            <subfield code="u">https://creativecommons.org/licenses/by-nc-nd/4.0/deed.de</subfield>
            <subfield code="2">cc</subfield>
        </datafield>
        <datafield tag="500" ind1=" " ind2=" ">
            <subfield code="a">Refereed/Peer-reviewed</subfield>
        </datafield>
        <datafield tag="520" ind1=" " ind2=" ">
            <subfield code="a">eng:The effects of formative feedback in higher education are intensively discussed within the scientific community. Students' engagement with received feedback is considered as important as the delivery of feedback. Nevertheless, feedback in higher education is often criticized by students. But also, teachers are often caught between the quality and extent of feedback and their time resources. The number of students in a module and the social form, whether individual or group feedback, is also a decisive factor. Using feedback within the framework of Collaborative Online International Learning (COIL) poses additional challenges. It requires professional competencies and secure handling of the virtual working environment, but design recommendations in this domain are rare. Using the example of two Virtual Collaborative Learning (VCL) modules, each held in collaboration with a partner university, this paper examines the effects of providing formative feedback to students within COIL modules. The investigation is an iterative extension of a prototype of feedback guidelines, which was already published in 2021. The study is based on 126 students’ reflection reports from the years 2019 to 2022 and a total of four modules. With the help of Qualitative Content Analysis, the existing findings in the categories frequency and time, style and tone, recipient and sender, as well as form and content should be expanded and supplemented to understand the engagement of students in COIL modules better and thus to be able to support them in a more targeted manner. In this context, the existing categories serve as a basis for the deductive, inductive mixed coding of the student reflections and thus for the enrichment of the existing categories and the creation of new ones. The beneficiaries are the students, who will be provided with better and more user-friendly feedback, and the teachers, who will have a guideline for providing feedback that will be better accepted by the students and thus lead to a better learning behavior.</subfield>
        </datafield>
        <datafield tag="542" ind1=" " ind2=" ">
            <subfield code="f">© The Author(s) 2022</subfield>
        </datafield>
        <datafield tag="773" ind1="0" ind2="8">
            <subfield code="i">Enthalten in</subfield>
            <subfield code="t">IDIMT-2022 Digitalization of society, business and management in a pandemic; 30th Interdisciplinary Information Management Talk / Chroust, Gerhard ; Doucek, Petr ; Oškrdal, Václav</subfield>
            <subfield code="d">Linz : Trauner Verlag, 2022</subfield>
            <subfield code="w">(AT-OBV)AC16646843</subfield>
            <subfield code="z">9783991137580</subfield>
            <subfield code="g">page 447-458</subfield>
        </datafield>
        <datafield tag="856" ind1="4" ind2="0">
            <subfield code="m">V:AT-OBV;B:AT-UBL</subfield>
            <subfield code="o">OBV-EDOC-VL</subfield>
            <subfield code="q">text/html</subfield>
            <subfield code="u">https://resolver.obvsg.at/urn:nbn:at:at-ubl:3-15179</subfield>
            <subfield code="x">UBL</subfield>
            <subfield code="z">kostenfrei</subfield>
            <subfield code="3">Volltext</subfield>
        </datafield>
        <datafield tag="970" ind1="2" ind2=" ">
            <subfield code="d">OA-BOOKPART</subfield>
        </datafield>
        <datafield tag="970" ind1="9" ind2=" ">
            <subfield code="m">V:AT-OBV;B:AT-UBL</subfield>
            <subfield code="q">application/pdf</subfield>
            <subfield code="u">http://media.obvsg.at/AC16650689-2001</subfield>
            <subfield code="x">UBL</subfield>
            <subfield code="z">kostenfrei</subfield>
            <subfield code="3">Volltext</subfield>
        </datafield>
        <datafield tag="971" ind1="9" ind2=" ">
            <subfield code="a">Formative Feedback / E-tutor / COIL</subfield>
        </datafield>
    </record>